@misc{marked-objects,
  title={Model category of marked objects},
  author={Valery Isaev},
  year={2016},
  eprint={1610.08459},
  archivePrefix={arXiv},
  primaryClass={math.CT}
}

@article{algebraic-models,
  title={Algebraic models for higher categories},
  author={Nikolaus, Thomas},
  journal={Indagationes Mathematicae},
  volume={21},
  number={1-2},
  pages={52--75},
  year={2011},
  publisher={Elsevier}
}

@article{coalgebraic-models,
  title={Coalgebraic models for combinatorial model categories},
  author={Ching, Michael and Riehl, Emily},
  journal={Homology, Homotopy and Applications},
  volume={16},
  number={2},
  pages={171--184},
  year={2014},
  publisher={International Press of Boston}
}

@Article{equipping-weak-equivalences,
  author={Bourke, John},
  title={Equipping weak equivalences with algebraic structure},
  journal={Mathematische Zeitschrift},
  year={2019},
  month={Apr},
  day={05},
  abstract={We investigate the extent to which the weak equivalences in a model category can be equipped with algebraic structure. We prove, for instance, that there exists a monad T such that a morphism of topological spaces admits T-algebra structure if and only it is a weak homotopy equivalence. Likewise for quasi-isomorphisms and many other examples. The basic trick is to consider injectivity in arrow categories. Using algebraic injectivity and cone injectivity we obtain general results about the extent to which the weak equivalences in a combinatorial model category can be equipped with algebraic structure.},
  issn={1432-1823},
  doi={10.1007/s00209-019-02305-w},
  url={https://doi.org/10.1007/s00209-019-02305-w}
}

@article{algebraic-weak-factorization-systems-1,
  title={Algebraic weak factorisation systems I: Accessible AWFS},
  volume={220},
  ISSN={0022-4049},
  url={http://dx.doi.org/10.1016/j.jpaa.2015.06.002},
  DOI={10.1016/j.jpaa.2015.06.002},
  number={1},
  journal={Journal of Pure and Applied Algebra},
  publisher={Elsevier BV},
  author={Bourke, John and Garner, Richard},
  year={2016},
  month={Jan},
  pages={108â€“147}
}

@article{homotopy-theoretic-aspects,
author = {Lack, S.},
journal = {Journal of Homotopy and Related Structures},
keywords = {2-monads; Quillen model categories; 2-categories},
language = {eng},
number = {2},
pages = {229-260},
publisher = {Georgian Academy of Sciences, A. Razmadze Mathematical Institute, Tbilisi; Springer},
title = {Homotopy-theoretic aspects of 2-monads.},
url = {http://eudml.org/doc/232481},
volume = {2},
year = {2007},
}
